@article{wu2025clarifycoder,
  title     = {ClarifyCoder: Clarification-Aware Fine-Tuning for Programmatic Problem Solving},
  author    = {Wu, Jie JW and Chaudhary, Manav and Abrahamyan, Davit and Khaku, Arhaan and Wei, Anjiang and Fard, Fatemeh H.},
  journal   = {arXiv preprint arXiv:2504.16331},
  year      = {2025},
  url       = {https://arxiv.org/abs/2504.16331}
}
